@misc{deergha2018digital,
  title={Digital Signal Processing: Theory and Practice},
  author={Deergha Rao, K and Swamy, MNS},
  year={2018},
  publisher={Springer, Singapore}
}
@article{tms320c67132003technical,
  title={Technical Reference},
  author={TMS320C6713, DSK},
  journal={Spectrum Digital, Inc},
  year={2003}
}
@article{proakis2004digital,
  title={Digital signal processing},
  author={Proakis, John G and Manolakis, Dimitris G},
  journal={PHI publication},
  year={2004}
}
@book{ifeachor2002digital,
  title={Digital signal processing: a practical approach},
  author={Ifeachor, Emmanuel C and Jervis, Barrie W},
  year={2002},
  publisher={Pearson Education}
}