@techreport{auslander1996equivariant,
  title={An equivariant Fast Fourier Transform algorithm},
  author={Auslander, Louis and Johnson, Jeremy R and Johnson, Robert W},
  year={1996},
  institution={Drexel University Technical Report DU-MCS-96-02}
}
@book{halim2013competitive,
  title={Competitive Programming 3},
  author={Halim, Steven and Halim, Felix and Skiena, Steven S and Revilla, Miguel A},
  year={2013},
  publisher={Lulu Independent Publish}
}
@misc{deergha2018digital,
  title={Digital Signal Processing: Theory and Practice},
  author={Deergha Rao, K and Swamy, MNS},
  year={2018},
  publisher={Springer, Singapore}
}