@book{cusido2002control,
  title={Control de procesos},
  author={Cusid{\'o}, A.R.},
  isbn={9789701507247},
  url={https://books.google.com.pe/books?id=ZyqVGQAACAAJ},
  year={2002},
  publisher={Alfaomega}
}
@misc{proakis1996digital,
  title={Digital signal processing},
  author={Proakis, John G and Manolakis, Dimitris G},
  year={1996},
  publisher={Prentice Hall New Jersey}
}
@book{umez2001dinamica,
  title={Din{\'a}mica de sistemas y control},
  author={Umez-Eronini, E.},
  isbn={9789706860415},
  url={https://books.google.com.pe/books?id=hpOeAAAACAAJ},
  year={2001},
  publisher={Ediciones Paraninfo}
}

@book{franklin2015feedback,
  title={Feedback Control of Dynamic Systems, Global Edition},
  author={Franklin, G.F. and Powell, J. and Emami-Naeini, A.},
  isbn={9781292068916},
  url={https://books.google.com.pe/books?id=ZV-pBwAAQBAJ},
  year={2015},
  publisher={Pearson Education Limited}
}

@book{ogata2003ingenieria,
  title={Ingenier{\'\i}a de control moderna},
  author={Ogata, K.},
  isbn={9788420536781},
  series={Pearson educaci{\'o}n},
  url={https://books.google.com.pe/books?id=QK148EPC\_m0C},
  year={2003},
  publisher={Pearson Educaci{\'o}n}
}

@book{distefano1992retroalimentacion,
  title={Retroalimentaci{\'o}n y sistemas de control},
  author={Distefano, J.J. and Stubberud, A.R. and Williams, I.J.},
  isbn={9789586001014},
  series={Compendios Schaum. Teor{\'\i}a y problemas},
  url={https://books.google.com.pe/books?id=AgMjAAAACAAJ},
  year={1992},
  publisher={McGraw-Hill}
}

@book{kuo1996sistemas,
  title={Sistemas de control autom{\'a}tico},
  author={Kuo, B.C.},
  isbn={9789688807231},
  url={https://books.google.com.pe/books?id=GyWr6cT8SEsC},
  year={1996},
  publisher={Prentice Hall Hispanoamericana}
}

@book{dorf2005sistemas,
  title={Sistemas de control moderno},
  author={Dorf, R.C. and Bishop, R.H. and Canto, S.D. and Canto, R.D.},
  isbn={9788420544014},
  series={Fuera de colecci{\'o}n Out of series},
  url={https://books.google.com.pe/books?id=NPRGAAAACAAJ},
  year={2005},
  publisher={Pearson Educaci{\'o}n}
}
